<?xml version="1.0" encoding="UTF-8"?>
<record xmlns="http://www.loc.gov/MARC21/slim">
   <leader>02429nam a2200565 i 4500</leader>
   <controlfield tag="001">7065102</controlfield>
   <controlfield tag="003">OCoLC</controlfield>
   <controlfield tag="005">20150708031503.0</controlfield>
   <controlfield tag="008">150708s1993    abc          s000 0 eng d</controlfield>
   <datafield tag="020" ind1=" " ind2=" ">
      <subfield code="a">0774108487 (module 1)</subfield>
   </datafield>
   <datafield tag="020" ind1=" " ind2=" ">
      <subfield code="a">9780774108485</subfield>
   </datafield>
   <datafield tag="020" ind1=" " ind2=" ">
      <subfield code="a">0774108630 (module 2)</subfield>
   </datafield>
   <datafield tag="020" ind1=" " ind2=" ">
      <subfield code="a">9780774108638</subfield>
   </datafield>
   <datafield tag="020" ind1=" " ind2=" ">
      <subfield code="a">0774108843 (module 3)</subfield>
   </datafield>
   <datafield tag="020" ind1=" " ind2=" ">
      <subfield code="a">9780774108843</subfield>
   </datafield>
   <datafield tag="020" ind1=" " ind2=" ">
      <subfield code="a">0774108878 (module 4)</subfield>
   </datafield>
   <datafield tag="020" ind1=" " ind2=" ">
      <subfield code="a">9780774108874</subfield>
   </datafield>
   <datafield tag="020" ind1=" " ind2=" ">
      <subfield code="a">0774108517 (student support guide)</subfield>
   </datafield>
   <datafield tag="020" ind1=" " ind2=" ">
      <subfield code="a">9780774108515</subfield>
   </datafield>
   <datafield tag="020" ind1=" " ind2=" ">
      <subfield code="a">0774108509 (learning facilitator's manual)</subfield>
   </datafield>
   <datafield tag="020" ind1=" " ind2=" ">
      <subfield code="a">9780774108508</subfield>
   </datafield>
   <datafield tag="035" ind1=" " ind2=" ">
      <subfield code="a">ocn913488786</subfield>
   </datafield>
   <datafield tag="039" ind1=" " ind2=" ">
      <subfield code="a">(OCoLC)913488786</subfield>
      <subfield code="f">OCLC</subfield>
   </datafield>
   <datafield tag="040" ind1=" " ind2=" ">
      <subfield code="a">AEU</subfield>
      <subfield code="b">eng</subfield>
      <subfield code="e">rda</subfield>
      <subfield code="c">LTSCA</subfield>
      <subfield code="d">AEU</subfield>
   </datafield>
   <datafield tag="050" ind1=" " ind2="4">
      <subfield code="a">GV191.44</subfield>
      <subfield code="b">.E58 1993</subfield>
   </datafield>
   <datafield tag="090" ind1=" " ind2=" ">
      <subfield code="a">GV 191.44 E58 1993</subfield>
      <subfield code="b">AEU</subfield>
   </datafield>
   <datafield tag="240" ind1="0" ind2="0">
      <subfield code="a">Environmental and outdoor education, year one /</subfield>
      <subfield code="c">Distance Learning ; Alberta Education.</subfield>
   </datafield>
   <datafield tag="245" ind1="0" ind2="0">
      <subfield code="a">Environmental and outdoor education, year one 1993</subfield>
      <subfield code="c">Distance Learning ; Alberta Education.</subfield>
   </datafield>
   <datafield tag="264" ind1=" " ind2="1">
      <subfield code="a">Edmonton, Alberta :</subfield>
      <subfield code="b">Alberta Education,</subfield>
      <subfield code="c">[1993].</subfield>
   </datafield>
   <datafield tag="300" ind1=" " ind2=" ">
      <subfield code="a">4 volumes ;</subfield>
      <subfield code="c">28 cm +</subfield>
      <subfield code="e">1 student support guide, 1 facilitator's manual.</subfield>
   </datafield>
   <datafield tag="336" ind1=" " ind2=" ">
      <subfield code="a">text</subfield>
      <subfield code="b">txt</subfield>
      <subfield code="2">rdacontent</subfield>
   </datafield>
   <datafield tag="337" ind1=" " ind2=" ">
      <subfield code="a">unmediated</subfield>
      <subfield code="b">n</subfield>
      <subfield code="2">rdamedia</subfield>
   </datafield>
   <datafield tag="338" ind1=" " ind2=" ">
      <subfield code="a">volume</subfield>
      <subfield code="b">nc</subfield>
      <subfield code="2">rdacarrier</subfield>
   </datafield>
   <datafield tag="505" ind1="0" ind2=" ">
      <subfield code="a">Module 1. Preparing for the natural environment -- Module 2. Getting along -- Module 3. Learning about trees -- Module 4. Backpacking in a forest ecosystem.</subfield>
   </datafield>
   <datafield tag="590" ind1=" " ind2=" ">
      <subfield code="a">Approved for use in Alberta schools.</subfield>
      <subfield code="5">CaAEU</subfield>
   </datafield>
   <datafield tag="596" ind1=" " ind2=" ">
      <subfield code="a">38</subfield>
   </datafield>
   <datafield tag="650" ind1=" " ind2="0">
      <subfield code="a">Outdoor education</subfield>
      <subfield code="z">Canada</subfield>
      <subfield code="v">Programmed instruction.</subfield>
   </datafield>
   <datafield tag="710" ind1="1" ind2=" ">
      <subfield code="a">Alberta.</subfield>
      <subfield code="b">Alberta Education.</subfield>
   </datafield>
   <datafield tag="710" ind1="1" ind2=" ">
      <subfield code="a">Alberta.</subfield>
      <subfield code="b">Distance Learning.</subfield>
   </datafield>
   <datafield tag="949" ind1=" " ind2=" ">
      <subfield code="a">GV 191.44 E58 1993</subfield>
      <subfield code="v">mod.1</subfield>
      <subfield code="h">UABA-B</subfield>
      <subfield code="i">0162034144111</subfield>
      <subfield code="z">OCLC_ORIG</subfield>
   </datafield>
   <datafield tag="949" ind1=" " ind2=" ">
      <subfield code="a">GV 191.44 E58 1993</subfield>
      <subfield code="v">mod.2</subfield>
      <subfield code="h">UABA-B</subfield>
      <subfield code="i">0162034144178</subfield>
      <subfield code="z">OCLC_ORIG</subfield>
   </datafield>
   <datafield tag="949" ind1=" " ind2=" ">
      <subfield code="a">GV 191.44 E58 1993</subfield>
      <subfield code="v">mod.3</subfield>
      <subfield code="h">UABA-B</subfield>
      <subfield code="i">0162034144236</subfield>
      <subfield code="z">OCLC_ORIG</subfield>
   </datafield>
   <datafield tag="949" ind1=" " ind2=" ">
      <subfield code="a">GV 191.44 E58 1993</subfield>
      <subfield code="v">mod.4</subfield>
      <subfield code="h">UABA-B</subfield>
      <subfield code="i">0162034144293</subfield>
      <subfield code="z">OCLC_ORIG</subfield>
   </datafield>
   <datafield tag="949" ind1=" " ind2=" ">
      <subfield code="a">GV 191.44 E58 1993</subfield>
      <subfield code="v">std.gd.</subfield>
      <subfield code="h">UABA-B</subfield>
      <subfield code="i">0162034144350</subfield>
      <subfield code="z">OCLC_ORIG</subfield>
   </datafield>
   <datafield tag="949" ind1=" " ind2=" ">
      <subfield code="a">GV 191.44 E58 1993</subfield>
      <subfield code="v">tch.gd.</subfield>
      <subfield code="h">UABA-B</subfield>
      <subfield code="i">0162034144418</subfield>
      <subfield code="z">OCLC_ORIG</subfield>
   </datafield>
   <datafield tag="926" ind1=" " ind2=" ">
      <subfield code="a">UABARD</subfield>
      <subfield code="b">ON_SHELF</subfield>
      <subfield code="c">GV 191.44 E58 1993 fac.man.</subfield>
      <subfield code="d">BOOK</subfield>
      <subfield code="f">1</subfield>
   </datafield>
   <datafield tag="926" ind1=" " ind2=" ">
      <subfield code="a">UABARD</subfield>
      <subfield code="b">ON_SHELF</subfield>
      <subfield code="c">GV 191.44 E58 1993 mod.1</subfield>
      <subfield code="d">BOOK</subfield>
      <subfield code="f">1</subfield>
   </datafield>
   <datafield tag="926" ind1=" " ind2=" ">
      <subfield code="a">UABARD</subfield>
      <subfield code="b">ON_SHELF</subfield>
      <subfield code="c">GV 191.44 E58 1993 mod.2</subfield>
      <subfield code="d">BOOK</subfield>
      <subfield code="f">1</subfield>
   </datafield>
   <datafield tag="926" ind1=" " ind2=" ">
      <subfield code="a">UABARD</subfield>
      <subfield code="b">ON_SHELF</subfield>
      <subfield code="c">GV 191.44 E58 1993 mod.3</subfield>
      <subfield code="d">BOOK</subfield>
      <subfield code="f">1</subfield>
   </datafield>
   <datafield tag="926" ind1=" " ind2=" ">
      <subfield code="a">UABARD</subfield>
      <subfield code="b">ON_SHELF</subfield>
      <subfield code="c">GV 191.44 E58 1993 mod.4</subfield>
      <subfield code="d">BOOK</subfield>
      <subfield code="f">1</subfield>
   </datafield>
   <datafield tag="926" ind1=" " ind2=" ">
      <subfield code="a">UABARD</subfield>
      <subfield code="b">ON_SHELF</subfield>
      <subfield code="c">GV 191.44 E58 1993 std.gd.</subfield>
      <subfield code="d">BOOK</subfield>
      <subfield code="f">1</subfield>
   </datafield>
</record>
